<?xml version="1.0"?>
<collection xmlns="http://www.loc.gov/MARC21/slim">
  <record>
    <leader>01559cam a2200337 a 4500</leader>
    <controlfield tag="001">foundationsforfu00mace</controlfield>
    <controlfield tag="003">CaSfIA</controlfield>
    <controlfield tag="005">20151009141742.0</controlfield>
    <controlfield tag="007">cr||||||||||||</controlfield>
    <controlfield tag="008">850124s1984    abc          s00  0 eng c</controlfield>
    <datafield tag="035" ind1=" " ind2=" ">
      <subfield code="a">ocm12586109</subfield>
    </datafield>
    <datafield tag="040" ind1=" " ind2=" ">
      <subfield code="b">eng</subfield>
      <subfield code="d">CaSfIA</subfield>
    </datafield>
    <datafield tag="043" ind1=" " ind2=" ">
      <subfield code="a">n-cn-ab</subfield>
    </datafield>
    <datafield tag="049" ind1=" " ind2=" ">
      <subfield code="a">aeu</subfield>
      <subfield code="b">eng</subfield>
    </datafield>
    <datafield tag="090" ind1=" " ind2=" ">
      <subfield code="a">E 92 M3 1984</subfield>
      <subfield code="b">AEHSD</subfield>
    </datafield>
    <datafield tag="090" ind1=" " ind2=" ">
      <subfield code="a">KF 5660 F64 1984</subfield>
      <subfield code="b">AEU</subfield>
    </datafield>
    <datafield tag="090" ind1="0" ind2=" ">
      <subfield code="a">GOV DOC CA2 AL MA715 84F52</subfield>
      <subfield code="b">AEU</subfield>
    </datafield>
    <datafield tag="245" ind1="0" ind2="0">
      <subfield code="a">Foundations for the future of Alberta's Metis settlements :</subfield>
      <subfield code="h">[electronic resource] </subfield>
      <subfield code="b">report of the MacEwan Joint Committee to Review the Metis Betterment Act and Regulations to the Honourable J.G.J. Koziak, Minister of Municipal Affairs.</subfield>
    </datafield>
    <datafield tag="260" ind1=" " ind2=" ">
      <subfield code="a">[Edmonton, Alta.] :</subfield>
      <subfield code="b">Alberta, Municipal Affairs,</subfield>
      <subfield code="c">1984.</subfield>
    </datafield>
    <datafield tag="300" ind1=" " ind2=" ">
      <subfield code="a">66 leaves :</subfield>
      <subfield code="b">ports. ;</subfield>
      <subfield code="c">22 x 37 cm.</subfield>
    </datafield>
    <datafield tag="336" ind1=" " ind2=" ">
      <subfield code="a">text</subfield>
      <subfield code="b">txt</subfield>
      <subfield code="2">rdacontent</subfield>
    </datafield>
    <datafield tag="337" ind1=" " ind2=" ">
      <subfield code="a">unmediated</subfield>
      <subfield code="b">n</subfield>
      <subfield code="2">rdamedia</subfield>
    </datafield>
    <datafield tag="338" ind1=" " ind2=" ">
      <subfield code="a">volume</subfield>
      <subfield code="b">nc</subfield>
      <subfield code="2">rdacarrier</subfield>
    </datafield>
    <datafield tag="500" ind1=" " ind2=" ">
      <subfield code="a">Chairman: Grant MacEwan.</subfield>
    </datafield>
    <datafield tag="500" ind1=" " ind2=" ">
      <subfield code="a">Cover title: Report of the MacEwan Joint Metis-Government Committee to Review the Metis Betterment Act and Regulations.</subfield>
    </datafield>
    <datafield tag="596" ind1=" " ind2=" ">
      <subfield code="a">2 38 45 48</subfield>
    </datafield>
    <datafield tag="650" ind1=" " ind2="0">
      <subfield code="a">M&#xE9;tis</subfield>
      <subfield code="z">Alberta.</subfield>
    </datafield>
    <datafield tag="700" ind1="1" ind2=" ">
      <subfield code="a">MacEwan, Grant,</subfield>
      <subfield code="d">1902-2000.</subfield>
    </datafield>
    <datafield tag="710" ind1="1" ind2=" ">
      <subfield code="a">Alberta.</subfield>
      <subfield code="b">Joint Metis-Government Committee to Review the Metis Betterment Act and Regulations.</subfield>
    </datafield>
    <datafield tag="740" ind1="0" ind2=" ">
      <subfield code="a">Report of the MacEwan Joint Metis-Government Committee to Review the Metis Betterment Act and Regulations.</subfield>
    </datafield>
    <datafield tag="856" ind1="4" ind2="1">
      <subfield code="u">http://archive.org/details/foundationsforfu00mace</subfield>
      <subfield code="z">Free eBook from the Internet Archive</subfield>
    </datafield>
  </record>
</collection>
